@article{Ng2015,
  title = "Erythrocyte aggregation may promote uneven spatial distribution of 
  {NO/O2} in the downstream vessel of arteriolar bifurcations ",
  journal = "Journal of Biomechanics ",
  volume = "",
  number = "",
  pages = " - ",
  year = "2015",
  note = "",
  issn = "0021-9290",
  doi = "http://dx.doi.org/10.1016/j.jbiomech.2015.11.051",
  url = "http://www.sciencedirect.com/science/article/pii/S0021929015006934",
  author = "Yan Cheng Ng and Bumseok Namgung and Hwa Liang Leo and Sangho Kim"
}

@electronic{MorrisOneSided,
  title={Some common difference approximation},
  author={Morris R. Flynn},
  year={2011},
  url={http://websrv.mece.ualberta.ca/mrflynn/finite\_difference\_equations.pdf}
}

@electronic{GounelasGS,
  title={Solving the 1{D} Boundary Value Problem},
  author={Frank Gounelas},
  year={2005},
  url={http://www2.mathematik.hu-berlin.de/~gounelas/projects/Solving\_The\_1D-Boundary\_Value\_Problem.pdf}
}

@electronic{LiuSOR,
  title={Successive Overrelaxation Method ({SOR})},
  author={Jinn-Liang Liu},
  year={2011},
  url={http://www.nhcue.edu.tw/~jinnliu/teaching/nde07/Lecture5.pdf}
}

@inbook{BillettHct,
  title={Hemoglobin and Hematocrit},
  author={Billett, H. H.},
  publisher={Butterworths},
  address={Boston},
  year={1990},
  chapter={151}
}

@article {MICC:MICC56,
  author = {Fedosov, Dmitry A. and Caswell, Bruce and Popel, Aleksander S. and 
  Karniadakis, George Em},
  title = {Blood Flow and Cell-Free Layer in Microvessels},
  journal = {Microcirculation},
  volume = {17},
  number = {8},
  publisher = {Blackwell Publishing Ltd},
  issn = {1549-8719},
  url = {http://dx.doi.org/10.1111/j.1549-8719.2010.00056.x},
  doi = {10.1111/j.1549-8719.2010.00056.x},
  pages = {615--628},
  keywords = {apparent viscosity, red blood cell, blood flow resistance, 
  dissipative particle dynamics},
  year = {2010},
}

@article{lamkin2004impact,
  title={Impact of the {F}{\aa}hraeus effect on {NO} and {O}2 biotransport: a 
  computer model},
  author={Lamkin-Kennard, Kathleen A and Jaron, Dov and Buerk, Donald G},
  journal={Microcirculation},
  volume={11},
  number={4},
  pages={337--349},
  year={2004},
  publisher={Wiley Online Library}
}
